<mx:record xmlns="http://www.w3.org/TR/xhtml1/strict" xmlns:mx="http://www.loc.gov/MARC21/slim" xmlns:xsi="http://www.w3.org/2001/XMLSchema-instance"><mx:leader>00000cz   2200000n  4500</mx:leader><mx:controlfield tag="001">oca00239745 </mx:controlfield><mx:controlfield tag="005">19861208123207.0</mx:controlfield><mx:controlfield tag="008">790123n| acannaab|          |a aaa |||  </mx:controlfield><mx:datafield ind1=" " ind2=" " tag="010"><mx:subfield code="a">n  79005585 </mx:subfield></mx:datafield><mx:datafield ind1=" " ind2=" " tag="040"><mx:subfield code="a">DLC</mx:subfield><mx:subfield code="c">DLC</mx:subfield><mx:subfield code="d">DLC</mx:subfield></mx:datafield><mx:datafield ind1="0" ind2=" " tag="100"><mx:subfield code="a">Jacopone,</mx:subfield><mx:subfield code="c">da Todi,</mx:subfield><mx:subfield code="d">1230-1306.</mx:subfield></mx:datafield><mx:datafield ind1="1" ind2=" " tag="400"><mx:subfield code="a">Benedetti, Jacopo di,</mx:subfield><mx:subfield code="d">1230-1306</mx:subfield></mx:datafield><mx:datafield ind1="0" ind2=" " tag="400"><mx:subfield code="a">Iacopone,</mx:subfield><mx:subfield code="c">da Todi,</mx:subfield><mx:subfield code="d">1230-1306</mx:subfield></mx:datafield><mx:datafield ind1="1" ind2=" " tag="400"><mx:subfield code="a">Benedetti, Giacopone de',</mx:subfield><mx:subfield code="d">1230-1306</mx:subfield></mx:datafield><mx:datafield ind1="0" ind2=" " tag="400"><mx:subfield code="a">Giacopone,</mx:subfield><mx:subfield code="c">da Todi,</mx:subfield><mx:subfield code="d">1230-1306</mx:subfield></mx:datafield><mx:datafield ind1="0" ind2=" " tag="400"><mx:subfield code="a">Jacoponus Tudertinus,</mx:subfield><mx:subfield code="d">1230-1306</mx:subfield></mx:datafield><mx:datafield ind1="0" ind2=" " tag="400"><mx:subfield code="a">Iacobus,</mx:subfield><mx:subfield code="c">de Tuderto,</mx:subfield><mx:subfield code="d">1230-1306</mx:subfield></mx:datafield><mx:datafield ind1="1" ind2=" " tag="400"><mx:subfield code="a">Todi, Jacopone da,</mx:subfield><mx:subfield code="d">1230-1306</mx:subfield></mx:datafield><mx:datafield ind1="1" ind2=" " tag="400"><mx:subfield code="a">Benedicti, Jacopo,</mx:subfield><mx:subfield code="d">1230-1306</mx:subfield></mx:datafield><mx:datafield ind1="0" ind2=" " tag="400"><mx:subfield code="a">Jacopone da Todi,</mx:subfield><mx:subfield code="d">1230-1306</mx:subfield><mx:subfield code="w">nnaa</mx:subfield></mx:datafield><mx:datafield ind1="1" ind2=" " tag="400"><mx:subfield code="a">Da Todi, Jacopone,</mx:subfield><mx:subfield code="d">1230-1306</mx:subfield></mx:datafield><mx:datafield ind1=" " ind2=" " tag="999"><mx:subfield code="a">344</mx:subfield></mx:datafield></mx:record>